<record><leader>00000cas a2200000 a 4500</leader><controlfield tag="001">21130543</controlfield><controlfield tag="008">900227d18831892iludn ne      0   a0eng c</controlfield><datafield ind1=" " ind2=" " tag="010"><subfield code="a">sn 90054477 </subfield></datafield><datafield ind1=" " ind2=" " tag="040"><subfield code="a">NVF</subfield><subfield code="b">eng</subfield><subfield code="c">NVF</subfield><subfield code="d">CVF</subfield><subfield code="d">NVF</subfield><subfield code="d">OCLCF</subfield><subfield code="d">OCLCO</subfield></datafield><datafield ind1="1" ind2=" " tag="029"><subfield code="a">AU@</subfield><subfield code="b">000007239654</subfield></datafield><datafield ind1=" " ind2=" " tag="042"><subfield code="a">pcc</subfield></datafield><datafield ind1=" " ind2=" " tag="043"><subfield code="a">n-us-il</subfield></datafield><datafield ind1="0" ind2="0" tag="245"><subfield code="a">Bloomington daily leader.</subfield></datafield><datafield ind1="1" ind2="7" tag="246"><subfield code="a">Evening leader</subfield><subfield code="f">Sept. 26, 1890-Nov. 12, 1890</subfield></datafield><datafield ind1="1" ind2="7" tag="246"><subfield code="a">Bloomington evening leader</subfield><subfield code="f">Nov. 13, 1890-&lt;Feb. 1, 1892&gt;</subfield></datafield><datafield ind1=" " ind2=" " tag="260"><subfield code="a">Bloomington, Ill. :</subfield><subfield code="b">[s.n.],</subfield><subfield code="c">1883-1892.</subfield></datafield><datafield ind1=" " ind2=" " tag="300"><subfield code="a">v.</subfield></datafield><datafield ind1=" " ind2=" " tag="310"><subfield code="a">Daily (except Sunday)</subfield></datafield><datafield ind1="0" ind2=" " tag="362"><subfield code="a">Vol. 15, no. 100 (June 16, 1883)-</subfield></datafield><datafield ind1="1" ind2=" " tag="362"><subfield code="a">Ceased in Feb. 1892.</subfield></datafield><datafield ind1=" " ind2=" " tag="515"><subfield code="a">Continues the numbering of Daily leader (Bloomington, Ill. : 1869).</subfield></datafield><datafield ind1=" " ind2=" " tag="530"><subfield code="a">Preservation microfilmed by the University of Illinois at Urbana-Champaign Library as part of the United States Newspaper Program; the years 1883-1892 (on 9 microfilm reels) are available for purchase from OCLC Preservation Service Centers.</subfield></datafield><datafield ind1=" " ind2=" " tag="588"><subfield code="a">Latest issue consulted: Vol. 23, no. 306 (Feb. 19, 1892).</subfield></datafield><datafield ind1=" " ind2="0" tag="651"><subfield code="a">Bloomington (Ill.)</subfield><subfield code="v">Newspapers.</subfield></datafield><datafield ind1=" " ind2="7" tag="655"><subfield code="a">Newspapers.</subfield><subfield code="2">fast</subfield><subfield code="0">(OCoLC)fst01423814</subfield></datafield><datafield ind1=" " ind2="7" tag="651"><subfield code="a">Illinois</subfield><subfield code="z">Bloomington.</subfield><subfield code="2">fast</subfield><subfield code="0">(OCoLC)fst01205022</subfield></datafield><datafield ind1=" " ind2=" " tag="752"><subfield code="a">United States</subfield><subfield code="b">Illinois</subfield><subfield code="c">McLean</subfield><subfield code="d">Bloomington.</subfield></datafield><datafield ind1="0" ind2=" " tag="775"><subfield code="t">Weekly leader (Bloomington, Ill.)</subfield><subfield code="w">(DLC)sn 82014579</subfield><subfield code="w">(OCoLC)8786696</subfield></datafield><datafield ind1="0" ind2="0" tag="780"><subfield code="t">Daily leader (Bloomington, Ill. : 1869)</subfield><subfield code="w">(DLC)sn 82014578</subfield><subfield code="w">(OCoLC)8786765</subfield></datafield><datafield ind1="0" ind2="0" tag="785"><subfield code="t">Bloomington leader</subfield><subfield code="w">(DLC)sn2001063208</subfield><subfield code="w">(OCoLC)46869084</subfield></datafield></record>